1708 2726
302 139 388 166 uissAhs
401 139 561 168 slcuusovsnsu.

67 229 112 264 tiam
129 228 217 272 venerati,
230 227 349 275 praecolorata
367 227 441 275 singula
455 228 538 264 videmus

9 277 16 288 '
67 277 86 311 in
99 276 183 318 Christo;
197 276 277 323 qualiter
285 274 339 324 signa
347 277 440 323 praemissa
452 277 539 312 indicium

67 336 111 359 mox
122 324 190 360 futurae
204 325 295 372 passionis
308 324 430 374 ostenderent,
443 329 465 361 ut
481 326 538 373 capti-

68 372 145 408 vitatem
156 374 230 420 generis
241 373 317 409 humani
329 373 433 420 triumphus
446 374 538 420 passionis

68 420 165 467 evinceret,
174 421 215 456 cum
221 421 272 457 Deus
279 424 343 457 noster
348 421 473 457 adversarium
479 425 538 457 morte

69 468 181 553 dcestruxerit
192 470 223 517 qui
233 470 298 507 mortis
310 470 415 506 obtinuerat
422 472 539 516 potestatem.

84 518 182 554 uimerito,
235 532 237 538 .

93 567 147 613 (post
169 568 263 613 sanctus.)
294 565 338 608 Hic,
355 564 436 612 inquam,
455 566 540 602 Christus

70 614 162 651 Dominus
174 619 237 652 noster
251 618 270 651 et
281 614 333 651 Deus
345 617 413 657 noster,
428 615 460 661 qui
474 618 539 662 sponte

14 685 20 696 .
69 663 178 700 mortalibus
189 664 252 701 faetus
262 663 350 699 adsimilis
362 674 396 709 per
408 674 480 698 omnem
491 664 540 698 hunc

71 713 104 747 aevi
116 712 170 756 diem,
182 712 320 748 immaculatum
329 711 364 747 tibi
376 723 441 759 corpus
454 712 540 753 ostendit,

71 760 174 809 veterisque
186 760 248 796 delicti
260 760 336 796 idoneus
347 760 435 806 expiator,
451 761 541 796 sinceram

16 844 22 854 ⁴
71 809 215 855 inviolatamque
239 808 320 855 peccatis
348 808 431 843 exhibuit
455 808 541 850 animam,

72 870 127 904 quam
148 857 251 894 sordentem
271 868 336 892 rursus
361 856 437 904 sanguis
458 857 539 898 elueret;

72 907 196 954 abrogataque
204 906 224 941 in
231 905 316 941 ultimum
324 905 365 953 lege
371 905 465 948 moriendi,
472 905 492 940 in
498 906 541 941 caelo

73 966 139 1002 corpus
155 954 246 1001 perditum
262 957 317 1010 atque
334 953 358 989 ad
372 953 437 1010 Piffis.
447 954 542 1010 deuterum

73 1001 542 1097 reiepidrateiicciiii.)Dondiildiinbti{iiiiisptiidlddictum‚

19 1100 24 1113 “
73 1102 94 1135 ut
114 1100 263 1146 quotiescumque
282 1110 347 1145 corpus
364 1098 422 1145 ipsius
440 1101 543 1134 sumeretur

73 1150 93 1183 et
113 1148 193 1195 sanguis,
214 1147 361 1183 commemoratio
381 1147 434 1182 fieret
450 1147 543 1182 dominice

74 1196 170 1241 passionis,
186 1196 235 1242 quod
250 1208 284 1231 uos
300 1195 389 1230 facientes
408 1194 454 1230 Jesu
475 1194 544 1230 Christi

19 1244 35 1265 ³¹
74 1244 117 1279 Filii
125 1245 153 1279 tui
161 1244 236 1279 Domini
245 1256 266 1279 ac
274 1243 309 1279 Dei
317 1243 376 1279 nostri
385 1255 457 1290 semper
465 1243 544 1291 gloriam

1 2253 4 2266 b

1 2267 4 2290 i

1 2289 6 2329 i
22 2288 43 2325 ὐ

0 2376 4 2427 i

0 2436 2 2450 i

74 1292 199 1339 predicamus.
231 1292 326 1340 Rogamus
339 1291 368 1327 uti
383 1292 419 1327 hoc
435 1291 544 1327 sacrificium

75 1342 108 1376 aua
117 1341 242 1376 benedictione
254 1340 356 1382 benedicas,
366 1342 385 1375 et
394 1340 456 1375 Sancti
465 1339 544 1386 Spiritfis

75 1400 116 1424 rore
124 1390 224 1436 perfundas
229 1402 234 1431 ;
247 1392 268 1425 ut
280 1388 411 1435 accipientibus
419 1388 511 1424 uniuersis
520 1388 545 1423 sit

77 1437 188 1473 eucharistia
203 1449 255 1484 pura,
272 1448 322 1479 vera,
334 1436 423 1483 legitima,
435 1449 468 1483 per
480 1435 545 1471 Jesum

76 1485 170 1521 Christum
184 1486 251 1521 Fihum
263 1487 321 1527 tuum,
334 1484 432 1520 Dominum
448 1498 469 1520 ac
485 1484 545 1520 Deum

76 1535 165 1576 nostrum,
171 1534 203 1580 qui
209 1533 255 1570 sivit
263 1537 282 1569 et
289 1535 356 1581 regnat
361 1535 423 1568 tecum
428 1545 469 1568 cum
476 1533 546 1580 Spiritu

78 1582 143 1618 Sancto
152 1583 170 1617 in
179 1585 247 1618 aeterna
256 1581 322 1624 saecula
331 1581 442 1617 sacculorum.
467 1581 532 1617 Amen.

331 1778 390 1811 Tactus
398 1776 461 1812 codicis.

77 1832 136 1873 singula
147 1831 231 1862 uideremus
240 1830 256 1861 in
266 1831 304 1872 Xpo,
315 1831 379 1870 qualiter
388 1832 432 1871 signa
440 1830 521 1871 praeniissa
530 1831 603 1862 indicium
612 1843 647 1863 mon
656 1832 715 1864 futurae

77 1872 149 1912 passionis
158 1872 255 1910 ostenderent,
268 1875 285 1901 ut
295 1871 397 1911 captiuitatem
407 1871 465 1911 generis
475 1871 538 1902 humani
546 1872 631 1912 triumphus
643 1873 715 1913 passionis

78 1913 156 1942 euinceret,
168 1921 202 1941 cum
211 1912 247 1942 deus
254 1914 305 1941 noster
315 1911 416 1941 aduersarium
425 1912 478 1941 mortis
486 1911 575 1942 destruxerit
582 1912 609 1951 qui
618 1912 670 1942 mortis
676 1913 714 1943 obti-

79 1955 134 1982 nuerat
140 1954 232 1991 potestatem,
240 1951 264 1981 cui
271 1950 328 1981 merito.

97 2000 120 2021 on.
132 2000 166 2021 rosr
180 1999 206 2021 scs.
226 1990 256 2020 Hic
268 1990 331 2029 inquam
340 1989 407 2020 christus
417 1989 486 2019 dominus
495 1993 548 2021 noster.
559 1994 575 2021 et
584 1992 621 2021 deus
629 1993 679 2021 noster
688 1991 715 2030 qui

78 2034 131 2070 sponte
136 2030 224 2061 mortalibus
232 2029 235 2070 t
242 2030 291 2060 factus
297 2029 371 2060 adsimiles
379 2039 406 2069 per
412 2039 456 2060 omne
465 2031 507 2060 hunc
513 2030 547 2060 seui
553 2030 597 2061 diem.
607 2030 741 2069 inmaculatumaqs

78 2071 107 2100 tibi
112 2080 163 2110 oorpus
170 2070 238 2100 ostendit.
245 2069 328 2108 ueterisque
334 2068 387 2100 delecti
393 2066 454 2099 idoneui
461 2069 530 2109 expiator.
538 2069 613 2109 nuceram,
621 2070 715 2101 inuiolatam·

79 2119 108 2148 que
120 2109 184 2149 peccatis
197 2109 265 2140 exhibuit
278 2109 348 2148 animam
365 2118 410 2147 quam
424 2109 507 2139 sordentem
520 2119 571 2140 rursus
584 2110 644 2150 sanguis
655 2110 715 2148 elueret,

79 2149 178 2188 abrogataque
183 2149 201 2179 in
210 2148 281 2179 ultimum
290 2149 323 2188 lege
331 2148 408 2178 moriendi.
418 2148 436 2177 iu
445 2148 485 2179 caelo
495 2158 546 2189 corpus
555 2151 630 2190 perditum
640 2149 688 2189 adque
697 2151 717 2181 od

79 2188 126 2227 patris
132 2188 208 2219 dexterum
214 2188 290 2220 releuaret.
297 2199 311 2228 p,
319 2189 333 2219 d.
340 2198 371 2218 nm.
379 2188 408 2224 Qui
414 2188 465 2227 pridie.

99 2235 132 2256 rosr
138 2236 202 2259 sucurre
223 2228 272 2258 Addit
276 2227 322 2259 etism
327 2228 368 2258 istud
375 2228 443 2258 edictum.
451 2231 469 2258 ut
475 2227 606 2268 quotienscumque
612 2238 664 2269 eorpus
670 2229 716 2269 ipsius

77 2269 163 2297 sumeretur.
177 2271 193 2298 et
203 2268 267 2307 sanguis.
276 2267 279 2309 Ι
287 2267 406 2298 commemoratio
415 2267 455 2297 fierit
464 2267 546 2298 dominicae
555 2268 631 2308 passionis,
641 2270 680 2308 qnod
690 2278 741 2311 nos,4²

80 2305 148 2337 facientis
156 2306 205 2337 Jhesu
213 2308 269 2338 Ghu'sti
278 2307 300 2338 fili
307 2308 330 2337 tui
336 2307 394 2338 domiui
403 2316 420 2337 ac
427 2307 451 2337 dei
460 2307 511 2337 nostri.
522 2318 579 2347 semper
588 2308 650 2349 gloriam
660 2308 775 2347 praedi-Moneo

81 2354 135 2384 ramus,
149 2354 218 2384 rogamus
231 2347 254 2377 uti
267 2348 295 2378 hoc
306 2347 394 2377 sacrificium
404 2350 432 2377 tua
442 2347 544 2378 benedictione
556 2348 633 2379 benedicas
643 2351 658 2377 ct
668 2348 716 2377 sancti

36 2412 38 2421 ,
51 2397 59 2428 s
80 2384 141 2425 spiritus
151 2394 183 2414 rore
192 2386 276 2425 perfundas,
286 2389 305 2416 nt
316 2386 422 2427 accipientibus
433 2387 512 2417 uniuersis.
523 2387 544 2417 sit
554 2387 622 2418 eucharia
633 2396 671 2426 pum
680 2396 717 2417 uem

0 2459 2 2467 .
28 2443 43 2455 w
81 2424 151 2465 legitimo,
159 2433 185 2464 per
191 2424 254 2455 Jhesum
264 2426 339 2456 Christum
349 2426 398 2456 filium
404 2430 448 2456 tuum
455 2427 533 2457 dominum
539 2437 556 2457 uo
562 2427 607 2457 deum
616 2429 683 2456 nostrum
690 2427 717 2465 qui

0 2473 2 2486 l

81 2466 123 2494 uiuet
136 2467 151 2494 et
162 2467 215 2503 regnat
227 2467 276 2495 tecum
286 2476 320 2497 cum
331 2466 383 2507 spirito
393 2469 444 2497 sancto
455 2467 473 2497 in
482 2470 543 2497 aeterna
555 2465 613 2497 meula
625 2465 717 2497 sacculorum

80 2514 128 2535 amon.
