1708 2726
298 146 384 176 MISSAIAE
398 149 556 177 RIOHENOVENSE.

318 238 405 283 fieretque
412 238 464 274 nobis
473 239 552 284 previus
560 239 579 274 in
588 238 788 286 paradiso,redemptor

318 286 337 321 in
345 288 421 330 tartaro,
430 286 494 322 doctor
505 287 525 321 in
533 288 606 331 mundo,
614 288 702 323 inritator
710 287 729 322 in
738 286 786 323 caelu,

319 334 353 369 Oui
360 335 431 371 merito.

342 384 397 430 (item
405 383 534 429 contestatio.)
557 383 639 432 Dignum
649 386 668 420 et
674 384 745 430 justum
753 386 788 426 est,

319 444 390 479 aequum
398 436 417 468 et
427 433 499 480 justum
512 434 546 474 est,
555 432 586 468 hic
598 436 617 468 et
629 434 695 480 ubique
703 433 738 468 tibi
746 444 788 480 gra·

318 481 356 517 tias
364 493 424 529 agere,
432 480 515 522 Domine,
522 483 584 516 sancte
591 481 652 526 Pater,
658 485 724 518 aeterne
729 481 787 517 Deus:

320 530 351 575 qni
364 542 397 576 nos
410 543 433 565 ex
445 532 504 565 morte
515 530 610 576 perpetua,
619 532 675 577 atque
683 530 753 565 ultimis
761 529 789 564 in-

319 578 400 614 ferorum
412 577 493 614 tenebris
503 576 593 620 euulsisti,
601 579 733 624 materiamque
741 590 789 613 mor-

320 627 383 669 talem,
399 626 439 663 luto
457 625 531 662 solubili
547 630 682 673 congregatam,
696 627 744 663 Filio
756 629 788 662 tuo

323 676 460 722 aeternitateque
469 674 546 710 donasti.
572 675 615 721 Quis
623 675 642 710 iu
655 675 740 711 laudibus
752 675 790 711 tuis

323 726 388 771 gratus
393 724 512 770 relator‚quis
519 735 594 770 operum
601 723 684 770 copiosus
693 724 789 768 adsertor?

322 775 342 808 te
355 772 413 808 omnis
425 773 489 819 lingua
500 772 584 815 miratur,
596 775 648 807 tua-m
661 773 720 807 cuncti
733 772 790 808 extol-

74 820 439 867 Svmuhinessuentinsorcorrupted-luntgloiam
448 821 558 855 sacerdotes,
582 821 611 856 Tu
623 819 689 856 chaosi
702 821 790 856 confirsis-

322 880 356 915 que
373 868 473 916 principiis,
487 871 506 904 et
523 871 601 904 nantum
612 880 674 903 rerum
691 869 789 916 caliginem

322 918 457 964 sempiternam,
473 917 591 952 admirabiles
607 917 676 953 formas
693 916 790 953 elementis

69 976 117 1008 turone
126 981 189 1003 amparet
198 976 220 1008 aq
228 978 262 998 nne
275 977 318 999 muna
322 965 438 1013 stupentibus
445 965 536 1008 addidisti,
545 965 586 1001 crim
595 965 640 1001 solis
648 965 728 1013 ignibusi
737 968 791 1001 tener

70 1003 267 1032 ⁰¹²ffi⁰f⁹f⁰¹³²immmfflffi'
273 1006 302 1033 ³³⁰³·
321 1014 400 1049 mundus
409 1014 491 1056 erubuit;
502 1016 522 1049 et
529 1014 593 1050 lunare
603 1014 731 1049 commercium
738 1014 789 1049 rudis

321 1064 372 1098 terra
383 1062 451 1098 mirata
464 1065 497 1098 est.
522 1062 555 1104 Ac,
568 1074 591 1097 ne
603 1062 642 1098 hac
655 1062 715 1098 omnia
727 1062 789 1097 nullus
810 1087 814 1092 ι

322 1111 415 1146 habitator
423 1114 501 1154 ornaret,
511 1111 591 1158 solisque
600 1111 656 1146 rebus
664 1123 732 1146 vacuus
741 1111 790 1146 orbis
847 1114 852 1121 '

322 1159 430 1202 intenderet,
444 1160 494 1195 facta
510 1162 539 1195 cst
555 1159 577 1195 de
594 1159 637 1194 limo
654 1159 738 1195 manibus
752 1160 790 1195 tuis

322 1208 382 1256 figura
395 1207 522 1255 praestantior:
535 1220 590 1254 quam
607 1219 659 1244 sacer
674 1208 724 1255 ignis
740 1208 790 1244 intus

324 1257 419 1299 animaret,
432 1256 531 1303 pigrasque
543 1268 577 1303 per
590 1258 652 1303 partes
665 1256 719 1303 agilis
731 1257 793 1293 anima

323 1305 429 1340 vivesceret.
451 1304 532 1339 Scrutari
540 1305 631 1346 nonlicet,
638 1304 792 1346 Pater,interiora

324 1353 420 1400 mysterie3
435 1352 470 1388 tibi
480 1353 515 1387 soli
528 1353 588 1399 operis
600 1352 628 1388 tui
641 1355 686 1387 nota
698 1353 792 1399 majestas,

72 1437 79 1454 r
102 1436 105 1442 ,
146 1437 149 1442 ,
199 1438 202 1444 ,
229 1438 232 1443 ,
325 1401 368 1447 quid
384 1400 430 1436 illud
447 1401 465 1436 in
480 1401 553 1435 homine
574 1401 622 1448 quod
642 1401 718 1448 pavidos
734 1404 792 1444 artus,

83 1438 184 1459 scearamton
189 1438 320 1460 mscerrtnrmseredo·
627 1449 631 1455 ·

73 1465 118 1487 esem
125 1464 136 1486 1⁵
142 1465 282 1493 manifesnynoffim
295 1451 427 1494 Butterramque
435 1449 532 1490 viventem,
541 1448 614 1484 clausus
626 1460 645 1483 in
657 1449 709 1484 venis
718 1450 793 1496 sanguis

72 1492 417 1547 {gfflffhgffdflssflfflffl,233ssssinterluit;
426 1497 474 1543 quod
483 1497 547 1532 soluta
554 1508 649 1544 corporum
656 1497 725 1543 species
731 1498 793 1534 nervis

73 1553 115 1597 ,effi
115 1548 238 1602 i,ss1”i,²i¹ff,¹}sste²,⁵,3
239 1550 321 1605 prgpgsstffi
325 1545 428 1593 rigentibus
435 1545 551 1591 colliguntur,
561 1548 580 1582 ct
587 1545 665 1581 internis
673 1545 712 1581 tote
719 1546 794 1581 visceri-

74 1603 199 1636 rnqtrpreneneu
209 1594 359 1638 tristabantus
376 1606 419 1630 osse
436 1593 568 1630 redolescunt.k
601 1594 637 1629 Sed
653 1594 701 1629 unde
721 1597 793 1630 tantum

74 1631 114 1680 iiiii
122 1638 136 1659 ¹⁸⁷
143 1631 158 1654 ος
166 1637 211 1661 ”Q
220 1633 398 1678 Phll⁰⁵⁰¹³¹¹¹⁰“¹¹i'miseris
411 1644 484 1684 bonum,
498 1645 519 1679 ut
531 1643 578 1679 Filio
592 1645 624 1678 tuo
636 1643 706 1689 tibique
723 1643 793 1679 similes
845 1654 848 1657 ·

370 1788 429 1821 Tectae
437 1789 500 1822 codicis.

162 1839 230 1884 tieritque
236 1840 278 1870 uobis
284 1841 353 1880 praeuius
360 1841 376 1870 iu
383 1843 458 1882 paradyso.
466 1843 579 1882 rocdemptcrin
585 1845 646 1881 tartaro,
654 1842 704 1872 doctor
710 1842 727 1872 iu
733 1842 794 1882 mundo,

161 1879 236 1908 inuitatur
241 1879 258 1908 in
264 1881 307 1916 caelo.
315 1881 339 1910 cui
346 1881 402 1911 mento.

136 1921 159 1949 4³¹³
181 1926 318 1951 rmuoourssrnrro.
338 1920 405 1961 Dignum
415 1923 430 1951 et
439 1921 495 1951 iustum
505 1924 531 1952 est.
542 1931 606 1961 aequum
617 1924 632 1951 et
642 1921 698 1951 iustum
708 1924 734 1952 est,
745 1921 770 1951 hic
781 1925 797 1952 et

162 1958 217 1998 ubique
224 1959 253 1989 tibi
259 1960 314 1999 gratias
320 1970 363 2000 agere
369 1960 483 1992 domiuesnuete
489 1965 535 2002 puter.
543 1966 602 1992 aeterne
612 1962 651 1992 deus.
659 1961 685 2000 qui
691 1971 719 1992 nos
725 1971 743 1992 ex
749 1964 797 1993 morte

163 2002 237 2038 perpetua.
245 1999 293 2039 adque
299 2000 357 2031 ultimis
362 2001 443 2031 inferorum
452 2002 517 2033 tenebris
526 2002 597 2040 euulsisti,
603 2002 710 2040 materiamque
719 2001 797 2032 mortalem

163 2038 195 2069 luto
202 2038 265 2070 solubili.
272 2044 376 2080 congregatam
385 2041 416 2072 lilio
426 2045 452 2072 tuo
462 2042 576 2080 aeternitatique
585 2042 648 2072 donasti.
658 2041 692 2080 quis
701 2041 718 2070 in
727 2041 797 2072 leudibus

163 2077 194 2108 tuis
200 2081 251 2117 gratim
257 2080 315 2118 relator,
323 2081 356 2118 quis
365 2090 426 2120 operum
435 2085 495 2111 tuorum
506 2082 572 2121 copiosus
582 2082 651 2120 adsertor,
661 2084 677 2110 te
687 2081 735 2110 omnis
744 2080 797 2120 lingua

139 2116 230 2155 tranimur,
241 2121 283 2149 tuam
294 2121 344 2150 cuncti
352 2120 355 2161 Ι
363 2120 438 2150 extollunt
450 2121 512 2160 gloriam
524 2122 608 2159 sacerdotes,
620 2123 638 2150 tu
648 2121 691 2150 chaos
704 2120 797 2159 eonfimsque

164 2156 244 2196 principiis.
251 2161 266 2187 et
273 2161 336 2188 nantum
343 2170 397 2190 rerum
404 2160 482 2200 caliginem
489 2161 597 2200 sempiternam,
605 2159 699 2190 admirabiles
705 2159 759 2190 formas
768 2160 796 2191 cle

163 2196 222 2234 mentis,
232 2197 326 2236 stupentibus
338 2199 412 2237 addidisti,
422 2210 456 2230 cum
466 2200 500 2230 solis
512 2200 572 2239 ignibus
582 2203 624 2229 tener
633 2199 699 2228 mundus
708 2200 771 2229 erubuit.
782 2204 797 2231 et

163 2235 216 2265 lunare
223 2237 326 2266 commercium
332 2239 373 2268 rudis
378 2242 417 2269 terra
423 2239 477 2269 mnata
482 2243 507 2277 est,
513 2240 541 2269 hae
546 2248 566 2269 ue
572 2240 608 2268 haec
613 2238 798 2269 omnianullushebitator

105 2277 226 2312 tronezqornaret,
240 2275 303 2314 solisque
313 2277 356 2307 rebus
366 2278 417 2308 uacuis
427 2279 466 2308 orbis
475 2278 562 2316 intenderet,
572 2278 612 2308 factu
621 2280 643 2307 est
656 2277 674 2307 de
683 2277 719 2308 limo
729 2278 798 2309 manibus
844 2305 850 2311 ,

138 2307 195 2343 igbtuis
205 2313 257 2360 figura.
269 2316 371 2354 praestantior.
383 2326 428 2355 quum
438 2328 478 2348 sacer
489 2317 528 2357 ignis
536 2317 539 2357 Ι
547 2317 589 2347 intus
597 2316 673 2355 animaret,
683 2317 761 2357 pigrasque
772 2328 799 2357 per

163 2357 212 2394 partes
218 2354 261 2393 agilis
268 2354 319 2385 anima
324 2355 408 2395 uiuesceret,
415 2357 477 2388 scrutari
483 2367 514 2387 nou
523 2357 558 2387 licet
564 2359 607 2397 pater
612 2356 682 2387 interiora
688 2358 762 2397 mysteria,
770 2357 798 2389 tibi

164 2393 191 2424 soli
197 2394 245 2434 operis
252 2395 275 2425 tui
281 2397 317 2425 nota
323 2396 395 2435 metatis,
402 2397 438 2436 quid
444 2397 483 2427 illud
489 2398 505 2427 in
512 2397 572 2427 homine
579 2397 618 2436 quod
627 2397 691 2436 pauidus
699 2401 745 2427 artus
752 2400 797 2429 terra-

164 2443 193 2472 que
202 2435 284 2474 uiuentem,
296 2435 354 2466 clausus
365 2436 382 2465 in
393 2437 436 2467 uenis
447 2437 511 2476 sanguis.
523 2437 591 2467 interluit
602 2437 641 2476 quod
651 2437 707 2468 solutae
717 2447 798 2477 corporum.
844 2458 848 2469 ι

165 2474 218 2512 species
225 2476 275 2506 neruis
281 2475 364 2515 rigentibus
374 2475 467 2516 colligentia,
476 2480 491 2506 et
501 2478 517 2506 in
527 2477 570 2507 terris
580 2477 611 2507 sola
620 2477 705 2508 uisceribus.
716 2487 748 2507 ossa
757 2478 798 2508 redo-

139 2511 225 2553 effulserunt,
239 2515 264 2545 sed
276 2516 316 2546 uude
329 2518 389 2546 tantum
400 2516 457 2547 miseris
469 2516 529 2555 bonum,
541 2519 559 2545 ut
571 2517 601 2547 filio
612 2520 638 2547 tuo
649 2517 706 2555 tibique
717 2517 736 2547 si·
745 2517 747 2557 Ι
756 2517 798 2549 miles
