1708 2726
310 128 395 156 MISSAIAE
407 128 570 171 nlenanovnrsa.

14 252 21 266 ⁸
77 218 127 254 arius
137 217 156 252 in
167 218 199 254 tue
209 216 263 252 laude
271 216 361 260 viverent,
373 217 464 253 homiuem
476 218 500 254 ad
508 218 553 254 ima-

78 266 139 313 ginem
155 268 174 302 et
189 264 326 301 similitudidem
336 266 445 302 beatissima
457 267 553 303 Trinitatis

79 314 181 357 condidisti,
193 316 215 350 ut
226 313 325 349 collocatus
336 314 356 349 in
364 316 455 351 suavitate
463 315 552 362 paradisi,

79 362 163 398 Creatori
170 362 257 405 serviens,
264 362 353 398 creaturis
361 363 438 409 reliquis
446 364 552 410 imperaret,

80 412 100 445 et
112 411 147 446 tibi
163 410 243 446 fideliter
258 410 364 447 famulando
381 412 459 447 haberet
474 412 495 447 in
510 411 552 447 aliis

80 459 179 506 generibus
192 459 310 495 dominatum.
336 459 372 495 Sed
383 459 437 506 culpat
444 460 563 506 praevaricat-s
571 478 631 506 eampse
635 479 673 506 cona
676 479 728 507 pecata,
734 478 760 506 just
765 478 807 500 aare.

80 507 145 543 tionisk
152 507 236 551 admissi,
245 508 320 550 homini,
328 508 411 554 projecto
420 507 442 543 de
451 506 489 543 vita
498 520 552 555 para-

79 555 120 598 disi,
138 556 226 593 successit
245 567 295 591 mors
312 556 334 590 de
354 556 407 603 poert
428 556 511 603 peccati:
532 560 552 592 et

77 604 152 650 jacebat
157 604 267 646 intenebris,
274 609 310 640 tuae
317 603 364 639 lucis
368 604 423 650 jussa
428 606 552 641 contemnens.

16 665 22 676 ,
80 653 133 689 luter
140 653 175 689 hoo
185 653 248 689 nullus
262 655 308 695 erat,
319 651 351 699 qui
362 664 408 688 caeco
417 652 480 688 lumen
491 655 552 688 osten-

80 701 138 744 deret,
158 704 252 748 prostrato
275 712 350 737 manum
371 701 480 748 porrigeret,
502 701 552 737 exuli

80 750 160 796 patriam
172 749 262 792 redderet,
273 749 346 796 sepulto
356 750 399 784 vitae
406 760 484 785 munera
494 749 552 784 refor-

17 824 23 832 .
81 801 146 833 maret.
164 798 192 833 Tu
198 799 260 832 autem
266 797 345 833 clemens
359 800 378 833 et
387 797 718 846 conditorlcondo-1c„,„„,h,1,„,„,-

82 846 123 882 lens
135 849 168 881 tuo
180 845 249 880 homini
261 845 379 893 praevaluisse
391 846 464 892 eulpam
476 846 552 893 peccati,
584 845 736 895 fflflfflfflffiu

76 896 104 930 ut
115 895 179 941 jacens
193 894 285 940 potuisset
300 893 351 940 erigi,
362 894 386 930 ad
398 893 451 929 illum
464 894 551 930 inclinati
584 887 783 950 Salvsstnuuduuplaua'uidua

81 942 163 989 potentia
179 942 296 978 descendisti.
326 942 349 977 ln
362 943 398 977 boc
411 943 459 977 enim
473 954 552 990 persona
583 929 733 951 ”mmsffifflmm'

56 984 59 993 ¹
81 990 171 1038 unigeniti
177 990 307 1026 Filiihumana
313 991 467 1026 earnisabsolvit:
479 991 552 1037 etquod

82 1039 197 1085 omnipotens
210 1038 260 1075 dedit
272 1051 305 1086 per
312 1038 401 1086 pietatem
411 1038 486 1074 humilis
494 1039 552 1074 reior-

82 1087 140 1122 mavit
155 1087 240 1122 formis.m
264 1087 325 1134 Igitur
341 1087 394 1134 digne
405 1087 488 1134 proferat
503 1088 789 1134 quoderataasattlppaaaaaay

81 1135 162 1182 indignis
175 1135 261 1182 praestitit
277 1135 339 1171 divina
355 1135 460 1178 clementia3
477 1138 499 1171 ut
512 1128 720 1185 Deofissffitpssmffiliplssffs¹⁰t
729 1127 759 1150 ‘m
770 1126 810 1156 ψ’

82 1183 215 1219 admirabiliter
228 1184 312 1219 uniretur
325 1183 436 1226 humanitas,
451 1186 471 1219 et
483 1184 553 1219 homini

84 1243 117 1279 per
125 1231 186 1267 Deum
193 1232 286 1267 tribuetur
294 1233 393 1268 aeternitas.
419 1232 454 1268 Oui
461 1232 532 1267 merito.

108 1280 161 1328 (alla
170 1281 298 1326 contestatio.)
321 1280 403 1329 Dignum
411 1283 431 1316 et
438 1281 510 1327 justum
519 1283 553 1324 est,

84 1340 127 1363 vere
136 1340 207 1374 aequum
213 1333 233 1365 et
238 1329 310 1375 justum
319 1331 348 1364 est
356 1331 375 1364 et
384 1331 468 1364 sanctum
476 1332 510 1371 est,
518 1340 552 1365 nos

83 1376 118 1412 tibi
126 1377 196 1424 gratias
205 1389 265 1424 agere,
271 1377 348 1413 Domine
356 1379 424 1420 sancte,
432 1377 488 1413 Pater
496 1378 554 1412 omni-

83 1428 154 1472 potens,
167 1427 233 1461 aeterne
241 1425 297 1469 Deus,
305 1437 378 1472 precem
391 1425 474 1467 fundere,
482 1429 502 1462 te
511 1437 553 1461 con-

83 1474 137 1516 fiteri,
154 1473 174 1508 in
189 1474 227 1509 tuis
243 1473 328 1509 laudibus
340 1474 430 1521 gloriari:
452 1473 487 1520 Qui
500 1486 553 1510 omne

85 1522 140 1557 verbo
150 1521 211 1567 jubes,
220 1522 309 1569 sapientia
317 1521 404 1569 disponis,
413 1520 481 1558 vidtute
490 1521 554 1557 confir-

84 1581 130 1613 mas,
136 1570 207 1605 ratione
213 1570 314 1617 dispensas.
331 1569 391 1618 Digne
400 1570 466 1617 igitur
475 1582 496 1606 ac
503 1570 638 1617 jusanam...
645 1586 679 1607 mm
688 1584 763 1613 satanan
771 1584 809 1612 araa-

77 1622 103 1653 'te
120 1618 202 1661 laudare,
220 1630 274 1665 quem
287 1629 350 1654 omnes
363 1619 425 1666 angeli
438 1614 681 1662 conlaudant,“⁶²¹³20d‘lffl’2r1·
688 1612 811 1639 ⁰¹¹⁸⁰¹²lf⁰b²b¹y’

559 1641 615 1669 Diynmn
620 1642 659 1669 ipitnr
663 1640 729 1668 atjuslum
734 1643 754 1663 cat.

85 1669 104 1701 et
120 1670 171 1704 astra
187 1666 282 1709 mirantur,
297 1667 356 1702 maria
372 1667 486 1710 benedicunt,
503 1670 554 1703 terra

337 1762 398 1795 Toatrts'
405 1763 469 1797 codicis.

84 1820 124 1851 arim
133 1821 150 1851 in
157 1823 183 1851 tna
189 1820 233 1851 laude
239 1819 309 1851 uiuerint.
320 1818 396 1851 hominem
406 1822 426 1852 ad
435 1821 517 1860 imaginem
523 1820 661 1851 insimilitudinem
670 1820 723 1852 beatis-

85 1861 123 1891 sirna
129 1860 201 1891 trinitatis
207 1860 288 1890 condedisti
291 1864 309 1890 ut
315 1860 399 1891 conlocatus
405 1861 422 1890 in
427 1861 501 1891 suauitate
507 1861 582 1901 paradyssi
586 1860 650 1891 creaturi
654 1861 722 1899 seruiens,

85 1900 156 1930 creaturis
168 1900 229 1938 reliquis
241 1900 323 1939 imperarit.
333 1900 359 1940 {et
370 1900 397 1930 tibi
410 1900 478 1932 fedeliter
487 1900 572 1930 famolando
585 1900 644 1931 haberit
656 1901 673 1930 in
689 1900 748 1932 uliissm

84 1940 163 1978 generibus
175 1939 273 1970 dominatum.
284 1940 309 1970 sed
319 1939 363 1979 culpa
372 1939 500 1979 praeuarecatione
510 1940 577 1970 admissa.
585 1940 645 1970 homine
655 1939 722 1979 proiecto.

84 1980 103 2009 de
109 1980 142 2009 uita
148 1979 219 2018 paradissi
228 1979 296 2009 successit
304 1989 343 2008 mors
352 1980 370 2009 de
380 1989 431 2019 poena.
438 1980 498 2019 peccati.
504 1983 519 2009 et
527 1979 585 2010 iacebat
590 1979 607 2009 in
614 1979 682 2009 tenebris.
689 1983 724 2009 tuae

85 2018 127 2049 lucis.
136 2019 177 2049 iussa
186 2021 285 2049 contemnens.
295 2019 335 2049 inter
346 2018 374 2049 hoo
384 2019 435 2050 nullus
444 2022 479 2049 erat.
487 2019 513 2058 qui
524 2028 566 2049 caeco
575 2019 627 2049 lumen
639 2018 724 2050 ostenderit.

85 2062 200 2096 prostremanuu
213 2058 297 2097 porregerit.
314 2058 353 2088 exoli
368 2058 432 2097 patriam
448 2059 516 2089 redderit.
532 2058 590 2098 sepulto
605 2058 646 2088 uitae
662 2068 725 2088 munera

84 2097 171 2128 reformarit.
176 2101 193 2127 tu
200 2100 250 2128 autam
255 2098 316 2131 climens
322 2098 407 2128 cteonditor
413 2098 466 2128 condo·
475 2098 477 2138 Ι
486 2099 518 2128 lens
524 2100 550 2128 tuo
555 2097 614 2127 homini
620 2098 723 2137 praeualuisse.
728 2113 751 2137 :ab

84 2136 143 2176 culpam
150 2137 209 2176 peceati
220 2141 238 2167 ut
247 2138 296 2167 iacens
306 2137 375 2177 potuIssit
383 2137 423 2176 erigi.
434 2138 453 2168 ad
460 2138 504 2167 illum
510 2137 583 2167 inclinata
592 2138 659 2177 potentia
669 2138 725 2167 discen-

86 2175 125 2205 disti.
135 2176 153 2205 in
162 2177 190 2207 hoc
200 2176 240 2206 enim
250 2186 331 2216 personam.
338 2177 413 2217 unigeniti
419 2178 441 2207 fili
448 2177 514 2207 humana
524 2178 572 2207 carnis
582 2177 650 2208 absoluit.
661 2180 676 2207 et
685 2178 724 2215 quod

85 2215 178 2254 omnipotens
185 2217 226 2246 dedit
235 2227 261 2256 per
270 2216 341 2256 pietatem
350 2217 412 2246 humilis
420 2217 507 2247 reformauit
515 2216 571 2246 formis.
581 2217 628 2256 igitur
637 2216 682 2256 digne
691 2225 723 2255 pro·

29 2289 30 2292 ¹
85 2253 126 2284 ferat.
141 2256 180 2293 quod
190 2256 256 2296 indignis
269 2256 345 2296 praestetit
356 2256 416 2287 diuinae
429 2256 519 2287 elementiae.
531 2260 546 2287 et
557 2256 602 2286 deum
613 2256 723 2287 admirabiliter.

86 2294 154 2323 uniretur
160 2294 236 2326 diunius.
243 2299 258 2326 et
264 2296 322 2325 homini
328 2306 354 2335 per
360 2297 387 2326 deo
393 2297 470 2326 trebuetur
476 2296 559 2335 aeternitas,
567 2296 591 2326 cui
597 2306 625 2326 me.
656 2330 659 2334 ¹

107 2334 210 2373 (catirenaco.)
230 2336 297 2375 Dignum
301 2339 317 2366 et
321 2336 377 2365 iustum
381 2338 407 2366 est.
414 2345 449 2366 nere
455 2345 511 2374 equum
517 2339 532 2365 et
538 2336 595 2366 iustum
601 2338 627 2366 cst.
634 2337 649 2365 et
655 2337 722 2365 sanetum
727 2341 749 2366 aaa

88 2376 114 2402 cst.
121 2381 148 2402 nos
156 2372 184 2402 tibi
188 2374 244 2412 gratias
249 2385 296 2414 agere.
302 2375 361 2405 domine
367 2378 417 2405 sancte
423 2379 466 2415 pater
472 2375 565 2415 omnipotens
571 2377 630 2405 aeterne
635 2375 674 2404 deus.
681 2384 723 2413 prac-

87 2422 119 2441 ccm
129 2411 174 2441 funde
182 2435 185 2441 .
193 2435 196 2441 .
205 2436 208 2442 .
216 2416 231 2443 tc
244 2415 315 2445 confetiri.
329 2414 345 2444 in
356 2416 386 2445 tuis
397 2415 466 2446 laudibus
476 2415 540 2455 gloriari.
551 2414 577 2453 qui
590 2423 649 2443 omnem
656 2416 723 2445 verbum.

88 2452 130 2482 iubes
143 2451 220 2490 sapientia,
227 2454 300 2492 sapientia
306 2455 372 2493 disponis
382 2455 458 2485 uirtutem.
469 2456 550 2492 confirmas,
561 2453 633 2482 rationem
643 2453 723 2494 dispensas,

87 2491 131 2532 digne
141 2491 187 2530 igitur
197 2501 214 2521 ac
224 2491 265 2522 insto.
277 2496 291 2523 tc
302 2494 362 2525 laudare
373 2504 417 2533 quem
430 2494 478 2525 omnis
488 2493 537 2533 angeli
548 2492 648 2524 omnlaudant.
659 2497 675 2525 et
685 2498 725 2527 astra
