1708 2726
314 144 400 173 missaha
414 145 574 174 RIOHENOVENSE.

11 263 17 274 ,
37 268 39 272 ,
76 233 147 271 meritis
155 228 248 278 inchoata,
256 230 297 282 ipso
306 233 445 278 interveniente,
451 234 503 282 plebi
512 246 549 270 suae

76 294 140 328 paoem
152 283 228 326 tribuat,
237 284 292 319 fidem
305 286 378 331 augeat,
391 283 447 319 eorda
458 283 549 331 purificet,

76 331 149 368 lumbos
161 332 252 379 accingat,
266 334 285 368 et
297 331 374 378 januam
389 331 455 368 salutis
469 332 549 379 aperiat.

74 380 113 416 -Per
121 380 227 417 Dominum.

102 429 256 475 (attenuatae.)
276 428 551 472 Exaudinoaaominesanete,

77 477 133 513 Pater
150 478 274 524 omnipotens,
291 480 359 513 aeterne
371 477 428 519 Deus,
445 479 464 512 et
480 477 551 513 meritis

78 526 117 561 sive
137 526 299 563 intercessionibus
323 525 383 561 saneti
403 525 494 561 antistitis
514 526 550 569 tui,

79 575 165 611 Germani
185 575 271 622 episcopi,
287 575 335 609 hanc
353 574 426 621 plebem
446 576 498 609 tuam
519 576 552 610 tua

78 624 196 660 miseratione
205 623 281 665 custodi,
289 622 404 670 benignitate
413 633 507 664 conserva,
513 623 551 669 pie-

14 674 20 684 '
80 674 118 707 tate
127 672 214 708 salvifica.
239 672 276 707 Per
283 670 387 705 Dominum.

104 720 199 767 (collectio
210 725 256 765 post
270 719 364 765 nomiae.)
388 718 551 761 damnatores

79 769 175 812 carissimi,
188 771 210 803 ut
221 768 260 803 haec
275 767 343 803 oblatio
358 769 423 802 nostra
436 769 511 813 accepta
526 768 550 803 sit

15 835 21 842 ·
79 817 167 853 Domino:
180 819 202 852 ut
210 828 256 863 quos
264 816 379 851 inhonorem
392 815 458 850 summi
466 816 550 851 sacerdo-

79 866 104 901 tis
119 866 148 900 sui
161 865 247 901 Germani
259 864 340 911 episcopi
352 864 403 900 videt
415 875 456 899 esse
469 864 549 906 devotos,

80 914 107 949 ita
122 914 157 949 sibi
172 912 297 960 beneplacitos
314 924 355 948 esse
371 912 465 955 concedat⁷
481 914 503 947 ut
519 913 550 947 de-

78 963 184 997 functorum
200 962 295 1008 spiritibus
312 962 331 995 et
344 962 427 1007 requiem
439 961 515 1002 tribuat,
532 963 551 996 et

80 1010 214 1046 beatitudinem
221 1009 318 1056 largiatur.
342 1009 379 1044 Per
386 1008 490 1043 Dominum.

104 1057 230 1105 (capacem.)
254 1058 328 1099 Praesta
335 1056 419 1099 Domine,
426 1056 551 1092 intercedente

81 1107 147 1142 sancto
161 1106 244 1142 antistite
259 1109 292 1141 tuo
309 1104 405 1147 Germano,
423 1105 475 1151 cujus
497 1105 551 1140 hodie

80 1155 100 1190 in
108 1157 207 1202 ¹conspectu
219 1153 323 1201 majestatis
336 1158 371 1189 tuae
383 1153 504 1190 beatitudinis
512 1154 552 1201 gio-

15 1240 20 1250 «
80 1204 128 1239 riam
143 1204 204 1251 dignis
219 1203 305 1239 laudibus
320 1202 429 1244 exaltamus,
442 1205 464 1237 ut
479 1202 552 1238 omissis

81 1252 128 1288 odiis
140 1251 159 1287 in
171 1263 221 1299 paee,
231 1252 288 1299 quiab
296 1251 349 1286 nobis
357 1250 419 1286 daturi
428 1263 497 1293 sumus,
505 1263 562 1298 purat
570 1267 799 1296 sata,motfflfflfflfflpfflu7

81 1301 147 1336 tibiae
158 1300 234 1348 pacifica
246 1300 302 1336 eorda
313 1303 377 1336 nostra
384 1299 492 1347 pandamus.
517 1299 553 1335 Per
821 1299 823 1304 '

81 1348 185 1385 Dominum.
205 1349 244 1384 Pax
252 1347 331 1384 Domini.

105 1398 244 1445 (contestatio)
268 1397 349 1444 Dignum
358 1399 377 1432 et
382 1396 454 1442 justum
461 1399 496 1439 est,
502 1395 554 1432 Deus

81 1449 150 1490 noster,
158 1447 201 1482 vere
208 1446 283 1493 dignum
292 1447 326 1487 est,
332 1445 427 1491 majestati
435 1449 471 1481 tuae
480 1457 553 1492 semper

81 1495 152 1542 gratias
159 1506 214 1542 agere
222 1497 278 1541 atque
286 1494 305 1528 in
317 1493 402 1529 laudibus
410 1494 448 1529 tuis
457 1506 498 1529 cum
507 1493 553 1529 laeti-

81 1543 108 1578 tia
117 1545 136 1578 et
144 1542 257 1578 exultatione
266 1544 371 1577 sanctorum
382 1545 456 1577 tuorum
464 1542 554 1589 praeconia

82 1591 153 1634 dicere;
174 1591 238 1626 laudes
259 1590 345 1626 attollere
365 1602 464 1637 eorumque
482 1590 554 1637 jugiter

14 1624 26 1656 ⁸¹¹
82 1639 164 1675 exaltare
172 1639 259 1674 virtutes:
268 1651 311 1674 nam
316 1638 419 1674 beatissimi
426 1638 485 1686 patris
494 1639 554 1674 nostri

83 1688 176 1724 antistitis
189 1688 224 1731 tui,
239 1687 325 1724 Gennani
340 1687 425 1734 episcopi,
438 1687 491 1734 cujus
503 1687 557 1723 hodie

339 1783 399 1816 Tactus
406 1783 470 1816 codicis.

81 1837 194 1875 intemenienta
208 1836 248 1876 plebi
260 1845 296 1866 suaa
305 1845 357 1875 pacem
367 1836 427 1873 trIbuat,
438 1836 483 1865 fidem
496 1839 554 1875 augeat,
566 1836 610 1866 corda
620 1847 663 1877 pure·
672 1837 743 1879 {teitan

83 1876 144 1906 lumbus
148 1876 220 1915 accingat.
227 1878 243 1906 et
248 1876 310 1906 ianuam
316 1875 372 1905 salutis.
380 1875 441 1915 aperiat.
449 1886 463 1915 p.
471 1876 485 1905 d.

102 1917 145 1955 (ante
157 1916 231 1954 ramim.)
251 1915 310 1945 Exaudi
321 1924 350 1944 nus
363 1915 422 1944 domine
437 1918 488 1944 sancte
500 1917 542 1953 pater
555 1916 649 1955 omnipotens
660 1920 720 1948 aeterne

83 1956 123 1994 deus,
134 1959 149 1985 et
158 1955 219 1993 meritis,
230 1954 261 1985 siue
267 1954 396 1984 intercessionibus
406 1954 443 1983 sacti
453 1954 528 1984 antestitis
538 1954 566 1993 tui,
574 1955 645 1986 Germani
656 1956 720 1996 episcopi

82 1995 122 2025 hanc
132 1996 191 2063 plebenp
202 1997 244 2024 tuam
255 1997 291 2025 tuae
301 1993 401 2024 miserationis
410 1994 472 2024 costudi
482 1993 576 2033 benignitate
586 2004 656 2026 conserua
665 1996 720 2035 pietate

84 2034 153 2065 saluifica.
172 2058 175 2064 .
192 2057 195 2063 .

103 2082 141 2103 com.
153 2044 187 2103 riisr
198 2073 281 2112 (minino.)
295 2072 360 2111 Oramus,
368 2072 421 2102 naues
429 2071 508 2102 karissimi.
520 2075 538 2102 ut
546 2072 586 2103 hanc
597 2072 651 2104 oblatio
664 2077 719 2105 nostra

83 2116 143 2152 accepta
152 2113 172 2143 sit
181 2111 245 2143 domino.
253 2115 270 2142 ut
276 2121 313 2150 quos
322 2111 339 2142 in
348 2112 420 2142 honorem
426 2112 481 2142 aimmi
487 2112 565 2142 sacerdotis
572 2112 595 2142 sui
602 2113 673 2143 Germani
683 2114 720 2154 epis-

83 2153 116 2191 copi
122 2152 164 2183 uidet
171 2162 201 2183 esse
208 2152 270 2182 deuotus
281 2152 303 2182 ita
309 2151 338 2182 sibi
344 2151 436 2191 beneplacito
442 2161 473 2192 esse
479 2152 553 2192 concedat,
563 2155 581 2182 ut
590 2152 650 2183 defunc-
659 2154 662 2195 Ι
670 2157 744 2186 torumrsa

82 2191 160 2232 spiritibus
166 2195 181 2223 et
187 2192 253 2231 requiem
260 2191 320 2222 tribuat.
328 2195 343 2221 et
349 2190 458 2222 beatitudinem
464 2191 540 2231 argiaun,
547 2202 562 2232 p.
568 2192 582 2222 d,

102 2231 200 2271 (adparent.)
220 2231 280 2262 Praesta
285 2231 344 2262 domiue
350 2235 369 2261 ut
374 2231 474 2261 intercedente
478 2234 529 2262 saneto
534 2232 604 2262 antestite
609 2235 635 2263 tuo
642 2233 719 2272 Germano,
723 2239 760 2270 arona
765 2243 779 2270 38

21 2291 23 2295 ν
84 2271 126 2302 cuius
133 2271 176 2301 hodie
183 2272 200 2301 in
206 2274 285 2311 conspectu
295 2271 376 2301 maiestatis
382 2274 417 2300 tuae
423 2271 521 2301 beatitudinis
527 2272 589 2312 gloriam
596 2272 645 2312 dignis
651 2273 720 2303 laudibus

84 2310 172 2349 exultamus,
179 2315 197 2341 ut
203 2311 264 2350 omissis,
275 2311 312 2341 odiis
322 2310 339 2341 in
348 2320 388 2351 pace,
399 2310 434 2349 quia
443 2310 486 2341 nobis
496 2311 546 2341 daturi
556 2321 611 2350 sumus,
622 2323 659 2352 pura
668 2312 720 2343 tibiae

85 2350 145 2391 pacifica
151 2350 195 2380 corda
201 2353 252 2381 nostra
257 2350 344 2391 pandamus.
352 2361 366 2390 p.
373 2351 387 2380 d.
395 2360 424 2389 pax
430 2350 487 2380 domini
494 2351 514 2380 sit

103 2390 195 2420 ammoto.
215 2390 282 2430 Dignum
288 2393 303 2420 et
308 2390 365 2420 iustum
371 2393 393 2420 est
398 2390 434 2420 deus
440 2393 493 2429 noser,
501 2400 536 2421 uere
542 2391 605 2430 dignum
611 2394 637 2429 est
645 2390 720 2429 majestati

84 2434 119 2461 tuae
123 2438 181 2469 semper
186 2429 241 2468 gratias
246 2440 289 2470 agere
295 2433 349 2469 atquae
355 2431 372 2460 in
378 2429 468 2500 madibus’ffli
472 2431 503 2460 tuis
508 2440 542 2460 cum
546 2430 604 2460 laetitia
609 2433 624 2460 et
629 2430 720 2462 exultatione
724 2440 747 2462 aab

83 2473 168 2501 sanomum
174 2471 235 2498 tuorum
241 2470 319 2508 praeconia
325 2470 372 2500 dicere
377 2481 381 2508 5
391 2469 443 2500 laudes
469 2470 520 2500 tollere
526 2478 605 2507 eorumque
612 2469 670 2510 jugiter
679 2471 721 2500 exul-

82 2508 183 2547 toreumatis,
189 2508 313 2547 namheatissimi,
318 2509 419 2548 patrisnostri,
424 2510 498 2540 antestitis
503 2509 526 2539 tui
531 2508 601 2539 Germani
606 2510 674 2550 episcopi.
680 2511 722 2541 cuius
729 2516 731 2518 '
