1708 2726
269 150 355 179 MISSALE
367 152 532 180 nlcnurovunsa.

290 241 395 285 fabricator,
402 242 489 289 gentibus
495 241 615 284 intellectum,
623 241 763 277 catechumenos

38 296 116 319 arrasam
126 296 148 318 the
157 302 220 324 eomrnser
228 298 270 323 aare,
277 296 288 318 it
292 289 315 324 ad
326 290 450 336 baptismumb
458 293 573 337 provocator,
581 290 695 338 presbyteris
704 300 763 326 sucer-

38 325 85 352 isvery
94 325 288 352 easytoseethatheraecnt-
324 338 328 346 .
412 339 415 346 .
462 339 466 346 .

39 338 367 385 catechumenorumadbaptismumprodObfflffl,
388 350 478 386 episcopis
499 339 622 386 &POSliOldsillm
642 340 719 381 {illalum}
737 340 764 378 ij

39 380 251 436 {ssffi’pollffillffiffiffd⁰Q
258 386 375 430 ‘¹¹¹⁵'Domine
390 388 470 423 coelestia
482 388 570 435 possides,
582 388 679 424 terrestria
689 384 767 436 judicas}

294 435 368 471 inferna
384 436 469 478 suscitas,
483 439 552 472 aeterna
568 437 680 479 moderaris;
701 435 766 471 merito

294 484 335 527 tibi,
341 485 425 527 Domine,
434 496 497 520 omnes
505 484 573 532 angeli.

462 582 556 629 (mssa
565 581 608 627 a.)

42 667 49 679 .
55 660 84 682 Ἠῶ
88 659 152 687 Amyn„
159 659 203 686 ming
209 659 231 681 fl..
237 659 273 687 ΡΜ
279 659 294 681 „f
319 639 374 685 (post
380 640 517 686 prophetiam.)
542 638 600 674 ²Deus
610 640 679 681 sancte,
688 637 768 674 ecclesiae

43 690 64 710 ²¹¹⁶
72 687 411 730 ⁰⁰¹¹⁸⁰fi⁰9⁰⁵²Pr⁰1³¹¹²ffi¹¹¹¹¹¹⁵¹¹⁰W⁵constitutom
424 688 456 734 qui
469 690 521 723 stans
533 688 552 722 in
564 687 624 722 medio
636 687 767 733 discipulorum
821 687 825 692 '

43 715 377 778 ihdbihrliliiiiiifflri’fflelifflssiddi}auorum,
392 736 517 771 venerationis
531 735 587 781 hujus
604 738 720 771 sacramenta
737 735 768 770 do'-

45 772 90 793 Mmoe'
298 784 358 827 ruisti,
366 787 434 831 praesta
446 785 474 819 ori
485 796 526 819 meo
539 783 642 819 divinitatis
654 784 739 831 gratiam,
747 787 769 818 ut

298 845 338 878 qua
354 832 475 879 acceptabilia
492 835 535 868 sunt
551 833 570 867 in
590 832 645 867 laude
661 832 694 867 tua
712 832 769 866 verba
820 848 825 851 ·

298 881 475 916 labiorummeorum
481 881 583 917 inveniant.
608 880 695 915 illumina
703 880 769 915 facicm

298 931 350 964 luam
359 940 413 975 super
422 941 495 964 servum
503 932 561 971 tuum,
569 931 591 964 ut
599 928 621 963 de
629 929 675 963 meis
684 928 769 963 oneribus

299 976 400 1020 absolutus,
416 978 465 1012 recte
482 977 537 1013 etiam
553 977 588 1012 tibi
602 989 636 1023 pro
651 977 719 1024 populo
736 978 769 1011 tuo

299 1028 398 1072 rogaturus
407 1026 501 1060 adsistam.
526 1026 562 1060 Per
569 1025 673 1060 Dominum.

323 1074 436 1119 (collectio.)
447 1074 553 1109 Misericors
560 1076 579 1108 et
586 1073 684 1109 miserator
688 1072 771 1115 Domine,
824 1103 827 1109 .

300 1122 332 1170 qui
340 1121 356 1157 si
364 1122 417 1157 nobis
426 1122 474 1168 quod
480 1134 571 1157 meremur
575 1122 690 1169 rependeres,
698 1121 770 1156 nullum

297 1170 338 1214 tuis
352 1170 427 1217 dignum
442 1171 581 1206 remissionibus
594 1170 692 1213 invenires,
709 1169 772 1205 multi-

301 1219 349 1265 plica
366 1230 420 1265 super
436 1231 470 1254 nos
486 1218 619 1267 indulgentiam
635 1221 693 1262 tuam,
707 1221 729 1254 ut
740 1218 772 1254 ubi
817 1243 825 1262 .-

302 1268 402 1303 abundavit
413 1270 514 1315 peccatum,
527 1268 589 1315 gratia
600 1267 715 1303 remissionis
728 1278 772 1302 exu-

302 1317 360 1351 beret.
384 1316 420 1352 Per
427 1316 531 1351 Dominum.

464 1413 559 1460 (arrasa
569 1413 618 1459 rr.)

315 1480 354 1527 (De
363 1493 377 1515 s.
388 1481 480 1516 Geraneae
488 1481 574 1526 episcopo
580 1481 762 1526 Autissiodorensi.)

50 1546 87 1595 ¹332
92 1545 133 1595 phale
140 1545 202 1593 suffitur
209 1543 224 1592 ‘ff
229 1543 299 1592 tietmar
327 1538 440 1585 (collectio.)
464 1545 472 1560 α
478 1538 592 1580 Unianimes‚
600 1538 669 1573 fratres
678 1537 777 1583 carissimi,¹

50 1580 95 1629 lividi
100 1577 293 1627 dluillpriei'dililm‘ffi
302 1586 402 1622 Dominum
416 1586 534 1633 deprecemur
545 1589 567 1621 ut
578 1587 616 1621 haec
632 1586 685 1622 nobis
702 1586 774 1628 sollem-

302 1635 352 1670 nitas
359 1635 462 1670 beatissimi
469 1634 528 1681 patris
536 1635 595 1669 nostri
602 1634 687 1677 Germani
695 1633 775 1681 episcopi
801 1625 805 1635 Α

392 1721 451 1754 Tertor
459 1721 522 1755 codicis.

78 1775 222 1814 uone37fubriuatur,
235 1774 304 1814 gentibus
317 1775 414 1813 intellectum,
428 1774 529 1805 catecuminus
542 1775 561 1804 ad
578 1775 669 1814 baptismum
682 1778 774 1814 prouocatur,
823 1790 828 1800 ι

138 1815 222 1855 presbiteris
231 1814 333 1852 sacerdotium.
344 1814 414 1854 episeopis
427 1814 526 1854 apostolatum
540 1814 596 1852 datum,
610 1817 628 1844 tu
638 1815 697 1844 domine
707 1815 775 1845 caelestia

112 1866 135 1895 771,
138 1854 209 1894 possedes,
219 1854 293 1884 terrestria
299 1854 360 1891 iudicas,
370 1854 429 1883 inferna
435 1854 500 1893 suscitas,
510 1856 571 1884 aeterna
579 1852 582 1894 Ι
590 1854 674 1893 moderaris,
684 1854 738 1884 merito
747 1854 776 1885 tibi

139 1894 199 1924 domine
205 1903 256 1923 omnes
262 1893 315 1933 angeli.
323 1893 342 1923 N.
350 1892 374 1924 SS.
381 1892 406 1923 SS.
413 1893 438 1924 SS.

420 1972 482 2002 llssSSA
492 1972 511 2002 X.

159 2030 193 2051 rosr
204 2030 292 2051 rnorannm.
312 2021 353 2051 Deus
364 2023 415 2051 sancte
427 2021 485 2051 eclisiae
498 2020 593 2059 constitutur,
604 2021 630 2060 qui
643 2024 684 2051 stans
697 2021 714 2050 in
727 2021 776 2051 medio

140 2061 243 2100 discipolorum
250 2063 313 2099 tuorum,
321 2061 421 2090 uenerationis
427 2061 473 2090 huius
479 2063 571 2090 sacramenta
577 2061 643 2091 docuisti.
651 2063 709 2100 praesta
716 2061 738 2090 ori
743 2070 777 2091 mco

140 2100 225 2130 diuinitatis
236 2099 299 2139 gratiam
310 2104 328 2129 ut
338 2110 376 2139 quac
386 2101 481 2140 acceptabilia
491 2103 527 2130 sunt
536 2100 553 2129 in
562 2100 607 2130 laude
616 2103 643 2130 tua
649 2101 694 2131 verba
703 2100 776 2130 labiorum

140 2149 207 2169 meorum
216 2139 299 2178 inueniant,
309 2140 385 2169 inlumina
393 2140 446 2170 faciem
456 2143 498 2169 tuam
505 2148 549 2179 super
558 2149 618 2170 seruum
628 2143 672 2169 tuum
683 2142 701 2169 ut
712 2140 731 2170 de
740 2139 777 2170 meis

141 2179 210 2248 oncrillpps
216 2179 295 2218 absolutus,
302 2183 341 2210 recte
346 2180 391 2210 ctiam
396 2179 424 2211 tibi
430 2188 456 2220 pro
461 2181 516 2220 populo
522 2182 548 2209 tuo
553 2182 631 2219 rogaturus
635 2179 709 2209 adsistam.
715 2190 730 2219 p.
735 2179 777 2209 dnm.

141 2229 172 2249 nm.
199 2229 219 2249 m.

115 2276 137 2300 772
162 2259 243 2298 (collectio.)
272 2257 275 2298 Ι
283 2257 369 2289 Misericors.
377 2262 392 2289 et
398 2259 474 2289 miserator
484 2258 547 2288 domine.
554 2258 581 2297 qui
587 2258 600 2288 si
606 2258 649 2288 nobis
655 2259 695 2298 quod
704 2269 779 2289 meremur

141 2298 229 2338 rependeris.
237 2297 296 2327 nullum
303 2298 333 2328 tuis
339 2299 401 2339 dignum
408 2298 519 2329 remissionibus
525 2298 604 2337 inueneris,
612 2298 695 2338 multiplica
701 2308 779 2339 supernos
811 2324 814 2328 .
823 2292 829 2304 ’

141 2338 250 2408 ῐηὲῶςευῄἰαηι
257 2341 303 2377 tuam,
311 2341 329 2368 ut
335 2340 361 2369 ubi
371 2339 453 2369 abundauit
460 2341 540 2379 peceatum.
551 2338 599 2378 gratia
608 2338 698 2369 remissionis
704 2340 778 2370 exuberet.

141 2389 155 2418 p.
174 2402 177 2408 .

143 2436 183 2468 ΧΠ.
415 2437 477 2468 Mlssa
487 2436 514 2467 XI.

289 2491 321 2530 (Dc
327 2501 338 2521 a.
348 2491 419 2522 Germano
426 2493 490 2530 episeopo
496 2491 635 2531 Autessiodurum.)

164 2531 173 2567 (
173 2531 235 2560 collectio.
237 2531 245 2569 )
265 2530 357 2561 Unianimcs.
362 2531 415 2561 fratres
419 2531 493 2562 karissimi
498 2531 558 2561 domino
563 2531 666 2571 depraecemur
672 2534 690 2561 ut
696 2531 780 2562 haecnobis

144 2569 235 2600 sollemnitas
241 2570 322 2601 beatissimi
332 2571 378 2611 patris
387 2571 434 2602 nostri
444 2571 514 2602 Germani
525 2571 591 2612 episcopi.
602 2572 662 2603 meretis
670 2572 739 2602 inchoata
748 2572 780 2612 ipso
