1708 2726
294 131 379 159 cussani}
393 131 556 159 ulcuuuovnnsn.

90 221 207 268 (prefatio.)
225 221 288 256 Unum
293 220 353 256 Deum
359 220 434 256 Patrem
443 223 462 256 et
470 199 538 255 Filium

6 273 12 281 '
66 282 107 305 cum
117 270 186 317 Spiritu
195 269 267 312 Sancto,
277 269 340 305 divisis
354 281 472 316 personarum
480 269 538 304 nomi-

66 318 126 360 nibus,
147 318 225 353 indivisa
246 318 342 353 divinitate
364 318 447 359 confessi,
468 318 537 352 fratres

67 366 162 408 carissimi,
177 366 222 401 totis
236 366 327 402 mentibus
342 366 465 413 deprecemur,
482 366 538 401 utin

68 415 117 450 omni
129 414 175 457 loco,
186 414 216 449 vel
228 416 315 461 tempore,
328 414 389 450 cuncti
396 414 451 448 fidem
463 416 537 456 rectam,

67 463 125 498 vitam
132 464 214 498 habeant
221 463 341 505 innocentem,
350 465 443 498 auctorem
451 462 539 496 conditio-

68 512 97 547 nis
106 524 142 547 suae
155 524 176 547 ac
188 511 319 558 redemptionis
332 512 439 558 agnoscant,
447 521 539 545 resurree-

68 562 123 599 turos,
134 572 159 602 se,
172 572 194 595 ac
207 560 305 595 seeundum
318 571 352 594 sua
364 570 420 605 opera
430 558 539 604 judicandos

68 608 184 655 intelligant:
197 611 216 644 et
222 609 266 655 quia
272 620 295 642 ex
301 608 370 642 vitiatae
376 609 446 641 naturae
454 609 540 641 contactu

69 660 136 692 nostrae
144 656 245 692 voluntatis
258 656 315 691 habet
325 655 418 702 fragilitas
427 657 448 689 ut
455 655 539 696 laedatur,

70 717 106 740 suae
118 705 238 753 benignitatis
252 706 328 751 praestet
341 704 401 751 pietas
415 705 437 742 ut
450 703 539 750 placetur.

70 754 106 789 Per
113 753 218 789 Dominum.

94 802 149 848 (aare
157 801 250 847 canonica.)
274 800 330 843 Deus,
337 800 390 846 eujus
402 803 440 835 tam
451 800 541 835 immensa

71 857 100 886 est
107 850 180 886 bonitas
189 853 242 896 quam
254 852 343 896 potestas,
351 851 419 895 praesta
430 848 478 894 quod
484 848 540 894 justis

71 898 165 945 polliceris
173 898 260 945 accipere,
269 898 318 944 quod
325 897 362 932 reis
374 897 450 932 minaris
459 897 541 938 evadere,

70 947 160 982 veraciter
173 949 192 981 te
207 946 285 988 credere,
303 945 437 981 rationabiliter
454 945 541 986 confiteri,

71 995 170 1031 salubriter
182 994 296 1036 conversari;
318 994 334 1028 si
348 994 400 1040 quies
417 993 506 1036 adrideat,
522 996 541 1028 te

71 1043 136 1085 colere,
145 1043 161 1078 si
168 1042 266 1089 temptatio
274 1043 354 1089 ingruat,
362 1054 399 1077 non
407 1053 475 1089 negare
482 1055 486 1083 ;
495 1045 541 1076 tem-

70 1092 147 1139 porariae
166 1092 208 1127 vitae
224 1091 332 1126 necessariis
350 1090 448 1132 abundare,
469 1090 542 1124 aeternis

71 1139 143 1187 gaudiis
151 1152 189 1174 non
197 1151 266 1174 carere.
289 1139 325 1174 Per
332 1138 437 1173 Dominum.

15 1215 18 1218 -
95 1188 248 1235 (postnoraiaa.)
274 1187 375 1229 Sanctifica,
385 1190 451 1221 aeterne
460 1186 542 1232 omnipo-

15 1253 17 1257 ’
71 1239 113 1272 tens
125 1236 181 1279 Deus,
194 1248 267 1283 eaquae
279 1240 290 1271 a
302 1238 322 1270 te
331 1235 415 1270 ordinata
424 1237 472 1277 sunt,
480 1234 553 1281 placa-¹

71 1285 155 1320 tilitate·
169 1284 270 1331 Dignatoru
278 1284 337 1318 libens
344 1283 437 1329 suscipere
443 1283 491 1329 quod
498 1284 552 1318 offe-n
557 1296 599 1317 Μ
604 1296 758 1329 aestuabamus
763 1303 798 1319 sense

71 1333 135 1375 rimus,
148 1335 169 1372 et
182 1333 263 1368 clemens
272 1331 373 1378 indulgere,
387 1331 435 1377 quod
448 1324 798 1380 laetemusffilgsstldttiftlf'ii'y{diffiniit

73 1383 178 1417 sanctorum
191 1382 266 1417 tuorum
282 1391 316 1415 nos
333 1380 415 1427 gloriosa
430 1380 502 1422 merita,
519 1379 798 1414 neffiiflgffivfflhhffleh‘eu⁰¹d³l¹¹⁹d¹³5

547 1407 583 1429 Thea.
600 1407 669 1430 Veuclrsnfe
679 1407 719 1435 freely
728 1409 741 1429 to
752 1408 798 1430 receive

72 1430 92 1464 in
100 1442 172 1476 poenam
183 1429 284 1471 veniamus,
293 1431 386 1463 excusent.
411 1428 606 1463 Defunctorumwutwe
613 1435 771 1474 0ff2r12nflnerfifullr,10
778 1436 798 1457 be·

72 1478 153 1513 fidelium
160 1478 223 1513 animae
231 1489 271 1523 quae
277 1477 390 1512 beatitudine
396 1477 482 1524 gaudent,
491 1477 543 1511 nobis
548 1464 618 1518 iiiiieiiin
625 1469 639 1485 ¹¹⁵
646 1463 674 1485 aa
681 1469 695 1485 ¹¹¹
702 1463 742 1485 ”hm
747 1469 798 1491 ”ml

74 1526 197 1573 opitulentur;
210 1538 249 1572 quae
258 1525 381 1561 consolatione
390 1525 478 1572 indigent,
488 1525 544 1560 ecele-

74 1576 105 1610 siae
117 1574 202 1621 precibus
213 1574 342 1615 absolvantur;
358 1585 456 1620 eorumque
471 1573 544 1615 oblatio,

73 1626 149 1676 quorpm
162 1625 204 1657 ante
217 1622 276 1657 altare
288 1625 340 1657 tuum
352 1622 425 1656 nomina
437 1623 544 1664 recitantur,

328 1767 387 1799 Tenus
396 1766 459 1799 codicis.

74 1834 101 1864 VI.
127 1833 221 1874 (praefatio.)
241 1833 293 1863 Unum
300 1834 344 1864 deum
354 1836 411 1873 patrem
422 1836 437 1863 et
446 1833 494 1863 fllium
504 1834 533 1865 hac
542 1835 593 1875 spirito
600 1838 654 1874 sancto,
662 1836 714 1865 diuisis

74 1883 170 1914 personarum
181 1873 270 1912 nominibus,
280 1873 345 1903 indiuisa
355 1873 434 1903 diuinitate
444 1873 510 1904 confessi.
521 1875 576 1905 fratres
589 1875 667 1905 karissimi.
679 1875 714 1905 totis

75 1913 150 1944 mentibus
159 1913 266 1952 depraecemury
276 1915 294 1942 ut
302 1912 319 1942 in
329 1912 370 1942 omni
380 1913 415 1942 loco.
427 1913 453 1942 uel
463 1916 533 1953 tempore,
544 1914 594 1944 cuncti
604 1915 648 1944 fidem
660 1917 714 1944 rectam

75 1953 124 1983 uitam
135 1953 198 1983 habiant
210 1952 309 1991 innocentem,
323 1955 398 1982 auctorem
409 1952 519 1983 conditionibus
531 1964 567 1984 suae
578 1964 595 1984 ac
608 1954 715 1993 redemptiones

76 1995 159 2032 agnuscant
172 1995 280 2022 resurrecturus
291 2001 311 2030 se,
320 2001 337 2021 ac
348 1991 429 2021 secundum
441 2001 468 2031 sua
478 2002 521 2032 opera
530 1993 571 2032 judi·
580 1993 583 2034 ἰ
591 1994 647 2023 candus
656 1993 741 2023 intelle-⁶2b

76 2035 117 2071 gant.
128 2035 144 2062 et
150 2031 185 2070 quia
192 2041 211 2061 en
217 2031 272 2061 uiciate
278 2034 345 2069 naturae,
353 2034 420 2061 contacto
427 2034 485 2062 nostrae
495 2032 578 2063 uoluntatis
587 2033 630 2063 habit
636 2033 713 2072 fragilitas,

77 2075 95 2101 ut
101 2071 169 2101 laedatur
175 2080 210 2101 suae
216 2071 318 2110 benignitatis.
326 2070 388 2110 praestit
394 2070 441 2109 pietas
448 2074 467 2101 ut
472 2071 543 2111 placetur.
550 2083 565 2112 p.
573 2073 587 2103 d.
595 2082 625 2102 nm.

97 2111 217 2150 (arztcaomina.)
244 2110 284 2140 Deus
297 2111 339 2140 cuius
351 2114 382 2140 tam
393 2111 462 2140 inmensa
475 2114 500 2141 est.
514 2112 577 2151 bonitasJ
589 2121 634 2151 quam
645 2114 714 2151 potestas,

77 2151 180 2189 praestaquod
186 2150 230 2180 iustis
236 2150 312 2190 pollicens.
320 2150 384 2190 accepire
390 2150 430 2188 quod
438 2150 466 2180 reis
472 2150 538 2190 minaris,
546 2152 612 2190 euadere,
620 2151 692 2181 ueraciter
701 2154 716 2180 te

77 2189 139 2228 eredere,
149 2190 258 2220 rationabiliter
267 2190 338 2228 confetiri,
349 2189 427 2219 salubriter
437 2191 524 2229 conuersari,
534 2191 554 2221 sit
562 2191 607 2230 quies.
618 2191 680 2229 adridat,
690 2190 692 2231 Ι
701 2194 741 2221 teuta

78 2227 128 2266 colere,
133 2229 225 2268 sitimptatio
229 2229 290 2268 ingruat
295 2239 326 2259 non
330 2238 387 2268 negare,
393 2230 490 2268 temporariae
495 2230 540 2270 uitae,
546 2231 631 2261 necessariis
636 2231 715 2260 abundare.

23 2303 27 2315 Ὗ
78 2267 141 2297 aeternis
147 2269 206 2307 gaudiis
212 2278 243 2299 non
249 2278 297 2299 carere
302 2279 317 2308 p.
324 2269 338 2299 d.

97 2307 138 2346 (post
143 2309 218 2347 nentina.)
238 2308 317 2338 sanctifica
323 2312 350 2338 tua
355 2307 448 2348 omnipotens
453 2308 489 2338 deus
494 2318 512 2339 ea
518 2319 556 2348 quaa
563 2320 573 2339 a
577 2313 592 2339 te
599 2309 668 2339 ordinata
674 2311 715 2345 sunt,

78 2345 180 2387 plagabilitate
190 2347 265 2387 dignatur,
273 2348 322 2378 libens
333 2347 393 2387 suscipe.
406 2348 446 2386 quod
455 2348 535 2388 offeremus,
543 2353 558 2380 et
568 2349 629 2379 clemins
635 2347 716 2386 indulgeat,

79 2386 119 2425 quod
125 2385 201 2424 laetamus,
209 2391 293 2417 sanctorum
300 2391 360 2417 tuorum
367 2397 394 2417 nos
400 2388 464 2426 gloriosa
470 2389 527 2418 merita.
533 2389 573 2419 nein
577 2397 628 2428 poena.
634 2387 716 2416 ueniamus.

75 2427 153 2462 encmmt,
159 2424 339 2457 defunctorumfedilium.
347 2427 407 2457 animae
414 2437 452 2466 quae
458 2428 507 2458 beate·
516 2427 518 2468 Ι
527 2428 594 2458 tudinem
599 2426 668 2466 gaudent.
673 2426 743 2465 nobis74a

79 2465 178 2505 opetulentur,
187 2473 225 2509 quae
231 2466 330 2496 consolatione
336 2466 409 2506 indigent,
416 2467 476 2497 eclesiae
485 2467 565 2507 praecibus.
574 2466 674 2504 absoluantur,
682 2475 718 2505 quo-

79 2514 142 2544 rumque
149 2503 207 2541 oblano,
215 2513 278 2542 quorum
284 2510 319 2536 ante
326 2506 388 2536 altarem
395 2511 442 2545 tuum,
449 2508 510 2537 nomina
516 2506 601 2537 recitantur.
609 2505 631 2536 ita
637 2505 681 2535 sitin
688 2506 777 2539 tuisuonszs
