1708 2726
292 138 377 167 miss-Ami
391 139 551 167 Rioflnrovnrsn.

312 229 374 283 Posse·
381 228 439 275 magis
452 233 506 274 quem
519 230 564 264 scire
577 229 633 265 mori!
655 228 698 276 Quis
710 228 778 263 lumine

360 288 407 311 sicco

311 325 350 359 Aut
358 324 428 371 gemitu
436 328 519 360 cessante
528 329 584 372 queat
591 338 692 361 memora-re
700 325 761 368 Pilati,

311 372 363 418 Quod
379 372 446 407 deflent
462 372 557 416 clementa,
574 374 641 410 nefnsi
663 386 699 420 quo
718 374 779 420 judice

360 419 444 455 Christus

312 468 392 504 Subdere
400 481 434 518 pro
440 469 502 504 mundi
508 469 566 505 voluit
573 481 606 505 sua
611 471 692 506 membra
700 470 779 517 periclis„

311 516 339 552 Ut
347 518 420 553 carnale
426 518 494 553 malum
501 530 543 553 caro
549 518 633 561 solveret,
640 522 659 554 et
664 519 715 554 ferus
721 519 780 554 hostis

312 564 370 611 Cujus
378 567 401 601 ab
410 567 483 613 ingenio
491 567 583 602 fluxerunt
591 566 629 601 tela
637 568 708 610 ueneni7

311 614 399 650 Perderet
407 615 477 661 antiqui
484 615 582 650 lacrimosa
589 614 662 662 piacula
669 616 720 657 belli,

311 662 391 697 Materia
401 666 498 709 superante
506 664 555 709 psri;
565 675 598 699 nee
606 663 686 698 criminis
694 665 744 699 ultre

311 710 347 745 Per
356 711 438 752 sobolem
444 711 526 757 prodiret
535 724 586 747 onus.
610 711 707 747 Damnatio
714 712 761 757 justi

311 758 395 794 Libertas
404 762 433 794 est
440 760 490 794 fecte
498 760 540 795 reis.
565 760 594 796 Da
603 760 672 795 semina
680 761 731 795 verbi

310 807 346 842 Per
353 811 387 842 tua
395 808 453 849 dona:
463 808 507 843 colis
516 809 609 856 signisque
617 808 713 843 novalibus
721 821 756 844 usa

311 855 391 903 Colligat
398 856 435 891 ista
443 868 508 891 manus
520 859 539 891 te
551 857 673 892 fructificante
681 857 787 904 maniplos„

310 902 338 938 De
347 904 412 950 quibus
421 904 460 950 ipse
468 904 496 940 tui
505 917 602 951 componas
610 906 676 940 horres
684 905 724 940 coeli

310 952 444 999 Triticeamque
450 953 505 988 fidem
513 953 557 988 lolio
565 956 653 1000 pereunte
663 965 743 989 corones.

310 1000 346 1035 Per
366 1013 419 1047 quem
437 1004 503 1037 cuncto
520 1002 560 1044 tibi,
578 1014 617 1049 quse
634 1005 677 1037 sunt
694 1002 778 1044 celestia,

359 1061 431 1096 semper

56 1116 63 1134 1
71 1111 139 1134 11111111
144 1113 196 1135 aanor
201 1113 290 1141 mammet„
295 1097 507 1144 tolliitutesquetonantg
513 1109 565 1133 sacro
570 1098 693 1133 modulamine
699 1110 777 1140 carmen,

56 1139 454 1196 ζῖζῖξξᾝξξξξζξξξξξξῆἳξξξξξεξζζζ11ηὲ’11111111111
472 1146 538 1181 chorus
555 1150 642 1182 resonant
658 1147 687 1181 his
704 1147 779 1182 vocibus

58 1195 111 1227 Unum
115 1201 133 1217 we
138 1197 213 1218 rather-take
217 1197 306 1229 mllieqnngelic
357 1195 445 1240 hymnum
451 1207 455 1228 ς

56 1225 109 1245 virtues.-
119 1224 144 1245 nnd
153 1230 166 1245 so
175 1230 193 1246 wc
201 1226 221 1251 get
228 1231 236 1246 a
243 1225 280 1251 triple
287 1231 307 1246 ss·
455 1242 458 1249 .

56 1250 111 1300 mm
118 1251 132 1272 of
138 1251 251 1307 affiefflqspflpe:
259 1253 306 1302 ⁰3¹¹„ss
310 1242 416 1288 Quaesumus
424 1245 445 1277 ut
451 1243 517 1288 anees
523 1255 570 1278 nunc
577 1254 611 1278 nos
617 1243 680 1278 audire
687 1245 779 1285 canentes,

61 1293 63 1298 '
118 1293 142 1300 ..-
236 1295 260 1302 ···
286 1296 294 1308 ο

56 1305 168 1335 teramnensem
175 1307 253 1335 fonotveuup
310 1291 335 1326 Et
343 1291 377 1326 tibi
386 1291 423 1326 sint
430 1291 507 1337 placite,
516 1291 580 1326 laudes
593 1291 634 1326 cnm
642 1292 718 1326 dicimus
726 1291 778 1326 istas.

359 1339 393 1374 Cui
401 1339 473 1374 merito.

453 1387 506 1433 (alio
515 1388 641 1433 contestatio.)

309 1435 390 1483 Dignum
402 1447 472 1481 seqnum
484 1447 505 1470 ac
515 1435 587 1481 justum
600 1439 633 1478 est,
646 1436 681 1471 tibi
694 1448 734 1478 nos,
743 1436 778 1482 pie,

358 1483 443 1531 clangere
451 1483 520 1526 laudes,

397 1580 457 1612 Testes
464 1580 529 1613 codicis.

262 1646 303 1676 posse
307 1638 355 1677 magis
361 1648 407 1676 quam
413 1638 449 1668 scire
456 1638 498 1668 mori.
519 1637 555 1673 Quis
561 1637 618 1667 lumine
624 1637 662 1667 sicco

262 1680 288 1706 aut
294 1681 354 1716 gemetu
360 1681 425 1708 cessante
432 1681 476 1717 queat
483 1687 563 1707 memorare
569 1676 619 1715 Pilati7

262 1718 302 1755 quod
308 1717 363 1747 deflent
370 1718 444 1755 elimenta,
452 1718 503 1747 nefus?
510 1717 549 1756 quod
555 1717 603 1747 iudice
610 1716 677 1746 Christus

262 1757 324 1786 subdere
330 1766 356 1796 pro
363 1757 416 1786 mundi
422 1757 470 1787 uoluit
477 1767 504 1787 sim
510 1757 575 1788 membra
582 1756 643 1796 periclis,

262 1799 280 1825 ut
286 1797 360 1826 carnalem
367 1797 423 1826 mulum
430 1806 462 1826 caro
469 1796 529 1826 soluerit
535 1796 592 1826 etsems
598 1796 648 1834 hostis!

262 1835 304 1865 cuins
310 1837 329 1866 ab
336 1836 410 1875 injenium
419 1836 421 1877 Ι
430 1836 505 1866 fluxerunt
512 1836 541 1866 tela
547 1836 606 1873 ueneni,

263 1876 330 1914 perderet
336 1876 394 1915 antiqui
399 1876 476 1906 lacrimosa
481 1876 538 1915 piacola
544 1875 583 1914 belli,

263 1915 325 1945 materia
331 1918 410 1955 superante
416 1916 448 1955 puri
453 1926 457 1952 ;
468 1925 495 1945 nec
501 1915 567 1945 criminis
572 1915 612 1944 ultra

263 1964 289 1993 per
295 1955 363 1984 subolum
370 1955 434 1994 proderit
440 1965 481 1985 onus.
489 1954 564 1984 damnatio
568 1954 607 1993 justi

265 1993 325 2023 libertas
331 1997 354 2024 est
359 1994 399 2024 facta
405 1994 437 2024 reis
457 1994 480 2024 Ds
486 1994 543 2024 semina
549 1994 592 2024 uerbi

264 2043 290 2072 per
300 2036 327 2064 tua
333 2034 376 2072 donn,
383 2034 419 2064 colis
425 2034 499 2074 signisque
506 2034 584 2064 noualibus
590 2044 621 2072 usa,

265 2073 327 2113 collegat
333 2074 362 2104 ista
368 2084 422 2104 manus
428 2077 443 2104 te
449 2074 548 2104 fructificante
553 2073 641 2114 manipolus,

265 2113 283 2142 de
290 2114 343 2151 quibus
349 2114 380 2153 ipse
387 2114 410 2143 tui
416 2124 490 2154 conponas
496 2114 548 2144 horres
554 2113 591 2144 caeli

266 2152 365 2192 triticiamque
371 2154 416 2183 fidem
420 2154 457 2184 lulio
463 2157 535 2194 pereunte
541 2154 601 2183 wronis.

265 2191 294 2221 Per
300 2202 344 2230 quem
351 2196 404 2223 cuncta
410 2193 442 2232 tibi,
449 2203 487 2232 quse
493 2196 529 2223 sunt
535 2193 606 2230 caelestia,
616 2192 619 2232 Ι
627 2201 683 2231 semper

265 2232 353 2270 uirtutisque
359 2236 391 2263 toas
397 2242 438 2263 ssero
445 2233 543 2263 modolamine
549 2242 608 2262 <tarmen

265 2271 379 2310 angelorumque
385 2273 438 2302 chorus
443 2275 513 2303 resonant
519 2272 543 2301 his
549 2272 609 2301 uocibus
615 2270 693 2309 hymnum.

265 2319 353 2347 quaesumus
359 2314 377 2341 ut
383 2312 433 2342 1111111
439 2322 480 2342 nunc
486 2321 513 2341 nos
519 2311 570 2341 audire
576 2313 645 2340 canentes

266 2352 281 2378 et
285 2349 313 2379 tibi
319 2349 350 2379 sint
356 2350 422 2391 placitae,
429 2352 481 2381 laudes
487 2360 521 2381 cum
528 2350 590 2380 dicimus
596 2349 635 2379 istas.

328 2388 363 2419 cm
441 2391 462 2422 SS
540 2389 560 2420 SS
638 2389 659 2420 SS

410 2470 511 2509 (contestatio.)

266 2509 331 2548 Dignum
338 2518 402 2547 aequum
408 2520 426 2539 ac
432 2510 488 2539 iustum
495 2512 520 2548 cst,
528 2509 555 2539 tibi
563 2519 589 2539 nos
595 2510 628 2550 piae
635 2510 701 2549 clangere
708 2510 762 2547 landes
