1708 2726
278 146 364 174 MISSAIAE
377 147 537 175 RIOHENOVENSE.

293 246 358 277 annua,
367 246 389 269 ac
397 236 489 282 praecipua
498 235 618 282 depositionis
626 236 676 271 festa
684 236 765 273 celebro-

292 294 338 325 mus,
348 283 400 328 cujus
413 286 477 318 tantus
489 296 534 332 erga
542 287 561 320 te
573 285 610 320 fuit
617 296 674 327 amor,
682 285 772 326 Domines
825 275 830 283 ⁸

291 333 345 366 tanta
352 331 431 374 dilectio,
440 334 462 367 ut
471 332 510 378 jam
522 334 618 379 praesentis
630 332 691 368 seculi
703 333 766 369 seduc-

291 379 427 423 tionecalcatt,
436 380 460 416 ad
472 380 555 416 futuram
565 381 698 418 beatitudinem
710 382 765 417 mira

291 428 324 462 bili
329 428 399 464 virtute
405 428 512 471 tetenderit;
521 441 555 464 nec
561 431 643 476 potuerit
650 429 766 477 peccatorum

291 476 366 512 funibus
374 477 449 526 illigari,
458 479 491 512 aut
496 477 563 525 gladiis
575 478 605 513 vel
614 479 687 525 sagittis
695 478 766 524 antiqui

291 525 351 561 hostis
366 526 438 574 attingi,
449 537 503 572 quem
517 537 550 573 per
563 527 639 562 loricam
652 527 730 572 justitiae
747 528 766 561 et

292 576 364 609 scutum
372 574 420 617 fidei,
428 575 517 622 protectio
526 577 559 610 tua
567 575 632 610 ovibus
641 575 679 610 suis
687 576 765 611 liberum

293 634 315 658 ae
324 635 408 659 securum
414 623 485 658 fecerat
493 635 533 659 esse
541 626 645 670 pastorem:
659 636 692 670 pro
698 624 764 671 quibus

292 672 356 718 utique
366 672 436 714 ovibus,
449 672 469 706 in
484 672 610 718 eleemosynis,
625 673 644 707 in
655 672 736 718 jejuniis,
745 684 765 707 m
822 687 827 692 ·

292 719 367 768 vigiliis,
376 721 425 755 omni
433 723 515 766 tempore
522 721 633 757 constitutus
641 724 705 768 pastor
713 732 764 768 egre-

292 768 340 815 gius,
353 769 400 803 mori
414 768 475 816 potius
489 768 605 812 desiderarit,
619 774 674 816 quam
682 770 722 816 lupi
734 781 764 805 ra-

39 828 76 849 eme
83 827 164 849 sansonem
171 827 186 849 te
193 827 240 850 crearer
247 818 343 864 iftmspacis
355 818 449 864 potuerit⁰
461 817 481 851 in
495 817 557 864 aliquo
571 819 662 854 morsibus
675 818 764 865 superari.
821 848 826 852 .

39 855 169 878 ’ΥΟΜΘΜΜΜ
293 865 339 901 Fuit
347 865 404 901 etiam
413 864 493 901 ecclesiae
500 866 614 912 justissimus
621 866 683 912 juder,
693 867 765 913 sapien-

293 913 320 950 tia
334 914 410 961 primus,
427 913 506 960 spiritali
519 914 640 951 instructione
655 915 763 962 praecipuus,

293 962 397 998 humilitate
405 974 489 1009 magnus,
498 963 606 999 affabilitate
617 963 684 1006 suavis,
693 964 764 1011 patien-

293 1011 320 1047 us
334 1011 395 1052 fortis,
407 1011 528 1047 instructione
542 1012 657 1048 necessarius
673 1012 764 1054 doctrinae,

293 1059 383 1107 religione
391 1063 450 1105 pater,
459 1059 556 1095 dilectione
564 1060 628 1103 frater,
636 1060 679 1095 fidei
688 1061 763 1103 amicus,

293 1108 525 1156 misericordiaproximus.
547 1108 765 1156 Coepiscopossuosora
823 1103 828 1111 ’

294 1157 344 1193 tione
350 1157 405 1203 juvit,
414 1156 490 1192 consilio
502 1157 600 1204 supplevit,
608 1157 718 1194 auctoritate
726 1170 764 1193 mo-

294 1205 571 1252 nuit3presbyteros,diaconos,
581 1217 687 1252 omnemque
696 1207 765 1241 olerum

294 1256 389 1300 totamque
402 1254 475 1301 plebem
491 1257 547 1297 tuam,
562 1253 646 1297 Domine,
663 1255 715 1290 velut
730 1267 765 1290 sua

294 1303 376 1338 membra
390 1302 469 1344 dilexit3
483 1302 543 1337 erexit
557 1314 661 1349 oppressos,
681 1303 764 1339 defessos

294 1351 346 1393 fovit,
355 1350 466 1386 dissidentes
471 1350 516 1386 fecit
524 1362 564 1385 esse
572 1352 663 1397 pacificos,
672 1351 764 1387 discordes

294 1399 357 1435 docuit
378 1410 452 1434 servare
472 1399 592 1442 concordiam,
613 1399 693 1435 reddidit
713 1401 764 1436 caecis

295 1448 360 1490 visum,
369 1447 439 1483 claudis
451 1459 540 1495 gressum,
553 1448 699 1484 febricitantibus
708 1449 764 1484 medi-

295 1497 361 1539 cinam,
370 1498 390 1531 et
398 1498 496 1543 occupatas
505 1497 528 1531 ab
538 1496 687 1532 immundissimis
696 1497 765 1544 spiriti-

295 1546 330 1580 bus
346 1545 417 1580 animas
433 1545 521 1580 velociter
536 1545 628 1580 liberavit.
653 1544 691 1591 Quo
707 1546 766 1593 igitur

294 1594 433 1636 interveniente,
443 1592 534 1639 supplices
541 1593 570 1628 tui
580 1593 656 1639 pietatis
663 1596 700 1628 tuae
711 1594 766 1630 mise-

294 1641 392 1678 ricordiam
411 1641 533 1689 postulamus,
549 1642 665 1688 omnipotens
680 1642 764 1685 Domine,
822 1636 831 1651 '⁴

384 1786 444 1820 Tenes
452 1786 515 1820 codicis.

129 1843 172 1874 hodie
179 1853 234 1881 annua,
244 1852 262 1873 ae
268 1842 347 1882 praecipua
353 1840 452 1880 dispositionis
458 1840 495 1870 festa
502 1840 595 1879 celebramus,
603 1840 645 1870 cuius
651 1843 702 1871 tentiis
709 1851 744 1881 erge
750 1844 765 1872 te

129 1885 160 1914 fuit
169 1893 211 1914 amor
218 1883 280 1920 domine,
288 1885 332 1911 taum
338 1880 395 1910 dilictio
401 1884 419 1909 ut
425 1883 457 1909 tam
463 1883 547 1919 praesentes
553 1881 607 1909 saeculi
614 1880 698 1911 seductione
705 1881 764 1920 mlcatn,

130 1925 149 1954 ad
155 1924 222 1953 futuram
228 1921 336 1953 beatitudinem
342 1919 410 1950 mirabile
419 1920 475 1949 uirtute
481 1919 561 1949 tetenderit
567 1929 595 1950 nec
603 1920 668 1960 potuerit
673 1924 766 1960 pcccatorum

105 1964 192 1998 sfflfunibus
201 1962 266 2002 inligari,
275 1964 302 1991 out
308 1960 365 2001 gladiis,
375 1959 400 1989 uel
410 1959 471 1999 sagittis,
482 1960 544 1998 antiqui,
554 1959 556 2000 Ι
565 1959 611 1989 hostis
620 1959 679 1999 attingi,
690 1970 734 1999 quem
740 1971 767 2000 per

130 2003 193 2033 luricam
197 2002 266 2042 justitiae
272 2004 287 2031 et
293 2004 351 2030 scutum
356 1999 394 2036 fidei,
399 1999 470 2039 protectio
476 2002 506 2038 tue,
512 2000 565 2030 ouibus
570 1999 668 2030 suisliberum
675 2009 693 2030 ac
698 2009 766 2030 securum

131 2043 189 2073 fecerat
197 2052 227 2072 csse
232 2044 309 2082 pastorem,
316 2050 342 2080 pro
349 2039 407 2078 quibus,
414 2039 466 2078 utique
472 2039 524 2069 obibus
537 2039 554 2068 iu
564 2039 649 2078 elymosinis
655 2039 672 2068 in
678 2039 742 2078 ieiuniis,
749 2040 765 2069 in

131 2082 190 2122 uigiliis,
201 2082 242 2112 omui
252 2084 321 2120 tempore.
328 2079 422 2110 constitutus.
432 2081 482 2118 pastor
491 2079 561 2118 egregius,
568 2079 606 2109 mon'
615 2079 664 2118 potius
673 2078 766 2110 desiderauit.

131 2132 177 2160 quam
186 2121 219 2161 lupi
228 2120 285 2160 rapacis
295 2119 360 2159 potuerit
369 2119 385 2148 in
395 2119 445 2157 aliquo
454 2118 527 2148 morsibus
536 2118 605 2157 superari,
615 2118 645 2148 fuit
654 2117 699 2159 etiam
709 2119 766 2149 eclisiae
796 2143 797 2146 ,

131 2161 221 2191 iustissimus
225 2161 276 2200 juder,
284 2160 364 2198 sapientiae
369 2158 430 2198 primus.
437 2157 601 2198 spiritaliinstructione
607 2157 698 2197 praecipuus.
705 2158 766 2188 humili·

107 2204 163 2236 mutate
173 2210 240 2240 mugnus,
247 2199 337 2238 affabilitate,
348 2198 402 2236 suauis,
412 2197 486 2237 patientia
494 2198 536 2227 fortis
546 2197 642 2228 distractione
650 2207 715 2228 necessa·
723 2198 727 2244 f
735 2198 766 2229 rius

131 2240 211 2271 doctrinae.
216 2239 292 2279 religionis
296 2242 341 2277 peter,
347 2237 425 2268 dilectione
430 2237 478 2274 frates
483 2237 518 2267 fidei
523 2237 579 2267 amicus
583 2236 681 2268 misericordia
686 2248 765 2278 proximus.

131 2289 229 2320 coepyscopus
241 2288 279 2317 suos,
293 2279 358 2308 oratione
371 2277 415 2315 iuuit,
432 2277 493 2307 consilio
507 2276 586 2317 suppleuit.
603 2277 690 2308 auctoritate
703 2278 766 2308 monuit.
822 2296 829 2309 ψ

131 2319 228 2360 praesbiteros
234 2319 302 2348 diaconos
308 2327 396 2356 omnemque
403 2318 458 2347 clerum
468 2319 528 2355 totaque
536 2316 594 2361 plebem
604 2319 646 2361 tunm
655 2317 715 2347 domine
724 2318 767 2348 uelut

131 2370 159 2390 sua
169 2359 236 2389 membra
245 2358 302 2395 dilexit,
313 2357 359 2387 erexit
365 2358 443 2396 obpressos,
454 2355 533 2386 indefessos
542 2356 580 2385 fouit
593 2356 680 2386 dissidentes
689 2357 724 2387 feeit
736 2367 766 2388 esse

131 2399 204 2439 pacificus
211 2398 284 2428 discordes
293 2397 343 2427 docuit
352 2406 410 2426 seruare
419 2395 516 2433 concordiam,
526 2394 593 2425 reddedit
602 2396 648 2426 caeeis
657 2396 710 2435 uisum,
721 2397 767 2427 clodis

132 2449 201 2478 gressum⁴
207 2437 326 2469 febricitantibus
333 2436 425 2466 medicinam.
433 2438 448 2465 et
455 2435 535 2473 occubatas,
541 2435 561 2464 ab
565 2434 683 2466 inmundissimis
690 2436 766 2476 spiritibus
820 2445 825 2455 ·

108 2479 190 2516 7cusnimas
198 2478 200 2517 Ι
209 2478 279 2508 uelociter
289 2476 362 2514 liberauit,
373 2484 402 2514 quo
411 2475 458 2515 igitur
467 2474 581 2504 interueniente.
588 2475 658 2515 supplicis
670 2476 693 2505 tui
703 2476 765 2516 pietates

132 2521 166 2547 tuae
179 2518 293 2548 misericordium
307 2516 404 2557 postulamus
415 2514 508 2554 omnipotens
520 2514 583 2553 domine,
597 2518 615 2544 ut
628 2515 653 2554 qui
667 2515 698 2545 eius
708 2516 765 2546 meritis
